@book{os,
	author = "Silberschatz, Abraham and Baer Galvin, Peter and Gagne, Greg",
	title = "Operating system conceps",
	publisher = "John Wiley \& Sons",
	year = 2014,
}

@article{time,
	doi = {10.1088/0143-0807/23/4/103},
	url = {https://doi.org/10.1088/0143-0807/23/4/103},
	year = 2002,
	month = {jun},
	publisher = {{IOP} Publishing},
	volume = {23},
	number = {4},
	pages = {L17--L21},
	author = {M Caporaloni and R Ambrosini},
	title = {How closely can a personal computer clock track the {UTC} timescale
	         via the internet?},
	journal = {European Journal of Physics},
}

@techreport{rfc3530,
	AUTHOR = "Shepler, S and Callaghan, B and Robinson, D and Beame, C and
	          Eisler, M and Noveck, D",
	TITLE = "{Network File System (NFS) version 4 Protocol}",
	HOWPUBLISHED = {Network Working Group},
	TYPE = "{RFC}",
	NUMBER = 3530,
	YEAR = {2003},
	MONTH = {april},
	PUBLISHER = "{IEFT}",
	INSTITUTION = "{IEFT}",
	URL = {https://www.ietf.org/rfc/rfc3530.txt},
}

Github example:
@misc{a0g,
	author = {Nair, Surag and Thakoor, Shantanu and Jhunjhunwala, Megha and
	          others},
	title = {alpha-zero-general},
	year = 2020,
	publisher = {GitHub},
	journal = {GitHub repository},
	howpublished = {https://github.com/suragnair/alpha-zero-general},
	commit = {5156c7fd1d2f3e5fefe732a4b2e0ffc5b272f819},
}

Essential python libs
@article{scipy,
	author = {{Virtanen}, Pauli and {Gommers}, Ralf and {Oliphant}, Travis E.
	          and {Haberland}, Matt et al},
	other_authors = {Matt and {Reddy}, Tyler and {Cournapeau}, David and {
	                 Burovski}, Evgeni and {Peterson}, Pearu and {Weckesser},
	                 Warren and {Bright}, Jonathan and {van der Walt}, St{\'e}fan
	                 J. and {Brett}, Matthew and {Wilson}, Joshua and {Jarrod
	                 Millman}, K. and {Mayorov}, Nikolay and {Nelson}, Andrew
	                 R.~J. and {Jones}, Eric and {Kern}, Robert and {Larson},
	                 Eric and {Carey}, CJ and {Polat}, {\.I}lhan and {Feng}, Yu
	                 and {Moore}, Eric W. and {Vand erPlas}, Jake and {Laxalde},
	                 Denis and {Perktold}, Josef and {Cimrman}, Robert and {
	                 Henriksen}, Ian and {Quintero}, E.~A. and {Harris}, Charles
	                 R and {Archibald}, Anne M. and {Ribeiro}, Ant{\^o}nio H. and
	                 {Pedregosa}, Fabian and {van Mulbregt}, Paul and {
	                 Contributors}, SciPy 1. 0},
	title = "{SciPy 1.0: Fundamental Algorithms for Scientific Computing in
	         Python}",
	journal = {Nature Methods},
	year = "2020",
	volume = {17},
	pages = {261--272},
	adsurl = {https://rdcu.be/b08Wh},
	doi = {https://doi.org/10.1038/s41592-019-0686-2},
}

